<record><leader>00000cas a22000007a 4500</leader><controlfield tag="001">13200406</controlfield><controlfield tag="008">860226d19251956njudn ne      0    0eng d</controlfield><datafield ind1=" " ind2=" " tag="010"><subfield code="a">sn 85035896 </subfield></datafield><datafield ind1=" " ind2=" " tag="040"><subfield code="a">NPA</subfield><subfield code="b">eng</subfield><subfield code="c">NPA</subfield><subfield code="d">NJW</subfield><subfield code="d">OCLCQ</subfield></datafield><datafield ind1=" " ind2=" " tag="042"><subfield code="a">msc</subfield></datafield><datafield ind1="0" ind2="0" tag="245"><subfield code="a">Lakewood daily times, times and journal.</subfield></datafield><datafield ind1=" " ind2=" " tag="260"><subfield code="a">Lakewood, N.J. :</subfield><subfield code="b">Times and Journal Pub. Co.</subfield></datafield><datafield ind1=" " ind2=" " tag="300"><subfield code="a">v. :</subfield><subfield code="b">ill. ;</subfield><subfield code="c">58 cm.</subfield></datafield><datafield ind1=" " ind2=" " tag="310"><subfield code="a">Daily (except Sun.)</subfield></datafield><datafield ind1="1" ind2=" " tag="362"><subfield code="a">Began in 1925; ceased in 1956.</subfield></datafield><datafield ind1=" " ind2=" " tag="580"><subfield code="a">Weekly ed.: Lakewood times and journal, 1925-&lt;1937&gt;.</subfield></datafield><datafield ind1=" " ind2=" " tag="580"><subfield code="a">Continued by: Lakewood daily times. Cf. Wright, W.C. and Stellhorn, P.A. Direct. of N.J. newspapers.</subfield></datafield><datafield ind1=" " ind2=" " tag="588"><subfield code="a">Description based on: Vol. 20, no. 248 (July 27, 1945).</subfield></datafield><datafield ind1=" " ind2=" " tag="752"><subfield code="a">United States</subfield><subfield code="b">New Jersey</subfield><subfield code="c">Ocean</subfield><subfield code="d">Lakewood.</subfield></datafield><datafield ind1="1" ind2=" " tag="775"><subfield code="t">Lakewood times and journal</subfield><subfield code="w">(DLC)sn 85035897</subfield></datafield><datafield ind1="1" ind2="0" tag="785"><subfield code="t">Lakewood daily times</subfield></datafield></record>